<record><leader>00000cas a22000007a 4500</leader><controlfield tag="001">12781088</controlfield><controlfield tag="008">851111d18771877wiuwr ne      0    0eng d</controlfield><datafield ind1=" " ind2=" " tag="010"><subfield code="a">sn 85041365 </subfield></datafield><datafield ind1=" " ind2=" " tag="040"><subfield code="a">NPV</subfield><subfield code="b">eng</subfield><subfield code="c">NPV</subfield><subfield code="d">OCLCQ</subfield></datafield><datafield ind1=" " ind2=" " tag="042"><subfield code="a">msc</subfield></datafield><datafield ind1="0" ind2=" " tag="130"><subfield code="a">Lively times (Randolph, Wis.)</subfield></datafield><datafield ind1="1" ind2="0" tag="245"><subfield code="a">Lively times.</subfield></datafield><datafield ind1=" " ind2=" " tag="260"><subfield code="a">Randolph, Columbia County [and Dodge County], Wis. :</subfield><subfield code="b">F.A. Brown &amp; A.G. Foster,</subfield><subfield code="c">1877-1877.</subfield></datafield><datafield ind1=" " ind2=" " tag="300"><subfield code="a">1 v.</subfield></datafield><datafield ind1=" " ind2=" " tag="310"><subfield code="a">Weekly</subfield></datafield><datafield ind1="0" ind2=" " tag="362"><subfield code="a">Vol. 5, no. 1 (Jan. 5, 1877)-v. 5, no. 52 (Dec. 15, 1877) = v. 1, no. 1-v. 1, no. 52.</subfield></datafield><datafield ind1=" " ind2=" " tag="752"><subfield code="a">United States</subfield><subfield code="b">Wisconsin</subfield><subfield code="c">Columbia</subfield><subfield code="d">Randolph.</subfield></datafield><datafield ind1=" " ind2=" " tag="752"><subfield code="a">United States</subfield><subfield code="b">Wisconsin</subfield><subfield code="c">Dodge</subfield><subfield code="d">Randolph.</subfield></datafield><datafield ind1="0" ind2="0" tag="780"><subfield code="t">Randolph enterprise (Randolph, Wis. : 1873)</subfield><subfield code="w">(DLC)sn 85033233</subfield></datafield></record>